<?xml version="1.0" encoding="UTF-8"?><record xmlns="http://www.loc.gov/MARC21/slim" xmlns:cinclude="http://apache.org/cocoon/include/1.0" xmlns:zs="http://www.loc.gov/zing/srw/">
  <leader>00836nz  a2200145n  4500</leader>
  <controlfield tag="001">no2015058850</controlfield>
  <controlfield tag="003">DLC</controlfield>
  <controlfield tag="005">20150505073516.0</controlfield>
  <controlfield tag="008">150504n| azannaabn          |n aaa     c</controlfield>
  <datafield tag="010" ind1=" " ind2=" ">
    <subfield code="a">no2015058850</subfield>
  </datafield>
  <datafield tag="035" ind1=" " ind2=" ">
    <subfield code="a">(OCoLC)oca10156230</subfield>
  </datafield>
  <datafield tag="040" ind1=" " ind2=" ">
    <subfield code="a">CaBVa</subfield>
    <subfield code="b">eng</subfield>
    <subfield code="e">rda</subfield>
    <subfield code="c">CaBVa</subfield>
  </datafield>
  <datafield tag="100" ind1="1" ind2=" ">
    <subfield code="a">Bazzell, Michael</subfield>
  </datafield>
  <datafield tag="372" ind1=" " ind2=" ">
    <subfield code="a">Open source intelligence</subfield>
    <subfield code="a">Data mining in law enforcement</subfield>
    <subfield code="a">Computer security</subfield>
    <subfield code="a">Computer crimes</subfield>
    <subfield code="2">lcsh</subfield>
  </datafield>
  <datafield tag="670" ind1=" " ind2=" ">
    <subfield code="a">Hiding from the internet, 2015 :</subfield>
    <subfield code="b">title page (Michael Bazzell) page 4 of cover (has been a full time law enforcement officer for over 15 years. He is currently assigned to the FBI's Cyber Crimes Task Force where he focuses on open source intelligence (OSINT) collection and analysis. He is the author of Open source intelligence techniques and speaks to global audiences about intelligence analysis and online security)</subfield>
  </datafield>
</record>